<?xml version="1.0" encoding="UTF-8"?><record xmlns="http://www.loc.gov/MARC21/slim" xmlns:cinclude="http://apache.org/cocoon/include/1.0" xmlns:zs="http://www.loc.gov/zing/srw/">
  <leader>00318nz  a2200121n  4500</leader>
  <controlfield tag="001">n  95043865 </controlfield>
  <controlfield tag="003">DLC</controlfield>
  <controlfield tag="005">19950504094426.7</controlfield>
  <controlfield tag="008">950503n| acannaab|          |n aaa ||| c</controlfield>
  <datafield tag="010" ind1=" " ind2=" ">
    <subfield code="a">n  95043865 </subfield>
  </datafield>
  <datafield tag="040" ind1=" " ind2=" ">
    <subfield code="a">CU</subfield>
    <subfield code="c">CU</subfield>
  </datafield>
  <datafield tag="100" ind1="1" ind2="0">
    <subfield code="a">Kastl, Jörg,</subfield>
    <subfield code="d">1922-</subfield>
  </datafield>
  <datafield tag="670" ind1=" " ind2=" ">
    <subfield code="a">Am straffen Zügel, 1994:</subfield>
    <subfield code="b">t.p. (Jörg Kastl) flap (b. 1922)</subfield>
  </datafield>
</record>